<record><leader>00000cas a22000007a 4500</leader><controlfield tag="001">12601142</controlfield><controlfield tag="008">850925d18851888wiuwr ne      0    0eng d</controlfield><datafield ind1=" " ind2=" " tag="010"><subfield code="a">sn 85041312 </subfield></datafield><datafield ind1=" " ind2=" " tag="040"><subfield code="a">NPV</subfield><subfield code="b">eng</subfield><subfield code="c">NPV</subfield><subfield code="d">OCLCQ</subfield></datafield><datafield ind1=" " ind2=" " tag="042"><subfield code="a">msc</subfield></datafield><datafield ind1=" " ind2=" " tag="045"><subfield code="a">w8w8</subfield></datafield><datafield ind1=" " ind2=" " tag="052"><subfield code="a">4123</subfield><subfield code="b">C6</subfield></datafield><datafield ind1="0" ind2="0" tag="245"><subfield code="a">Portage advertiser.</subfield></datafield><datafield ind1=" " ind2=" " tag="260"><subfield code="a">Portage, Wis. :</subfield><subfield code="b">S.S. Newton,</subfield><subfield code="c">-1888.</subfield></datafield><datafield ind1=" " ind2=" " tag="300"><subfield code="a">v.</subfield></datafield><datafield ind1=" " ind2=" " tag="310"><subfield code="a">Weekly</subfield></datafield><datafield ind1="0" ind2=" " tag="362"><subfield code="a">-v. 4, no. 36 (Sept. 5, 1888).</subfield></datafield><datafield ind1="1" ind2=" " tag="362"><subfield code="a">Began in 1885.</subfield><subfield code="z">Cf. Oehlerts, d. E. Guide to Wis. newspapers.</subfield></datafield><datafield ind1=" " ind2=" " tag="500"><subfield code="a">Publisher varies.</subfield></datafield><datafield ind1=" " ind2=" " tag="500"><subfield code="a">Editors: E.J. Doyle, &lt;Nov. 10, 1886&gt;-Dec. 28, 1887; F.A. Brown, Jan. 4-Aug. 22, 1888; J.R. Hinckley, Aug. 29-Sept. 5, 1888.</subfield></datafield><datafield ind1=" " ind2=" " tag="530"><subfield code="a">Available on microfilm from The State Historical Society of Wisconsin.</subfield></datafield><datafield ind1=" " ind2=" " tag="580"><subfield code="a">Merged with: Portage herald, to form: Herald-advertiser. Cf. Oehlerts, D.E. Guide to Wis. newspapers.</subfield></datafield><datafield ind1=" " ind2=" " tag="588"><subfield code="a">Description based on: Vol. 2, no. 37 (Nov. 10, 1886).</subfield></datafield><datafield ind1=" " ind2=" " tag="752"><subfield code="a">United States</subfield><subfield code="b">Wisconsin</subfield><subfield code="c">Columbia</subfield><subfield code="d">Portage.</subfield></datafield><datafield ind1="1" ind2="7" tag="785"><subfield code="t">Portage herald</subfield></datafield><datafield ind1="1" ind2="7" tag="785"><subfield code="t">Herald-advertiser</subfield><subfield code="w">(DLC)sn 85040904</subfield></datafield><datafield ind1="1" ind2=" " tag="029"><subfield code="a">AU@</subfield><subfield code="b">000023532827</subfield></datafield></record>